% Encoding: UTF-8

@Article{Kitaev_2001,
  author    = {A Yu Kitaev},
  title     = {Unpaired Majorana fermions in quantum wires},
  journal   = {Phys. Usp.},
  year      = {2001},
  volume    = {44},
  number    = {10S},
  pages     = {131--136},
  month     = {oct},
  abstract  = {},
  doi       = {10.1070/1063-7869/44/10s/s29},
  publisher = {Uspekhi Fizicheskikh Nauk ({UFN}) Journal},
  url       = {https://doi.org/10.1070%2F1063-7869%2F44%2F10s%2Fs29},
}

@Article{Kopp2005,
  author    = {Angela Kopp and Sudip Chakravarty},
  title     = {Criticality in correlated quantum matter},
  journal   = {Nat. Phys.},
  year      = {2005},
  volume    = {1},
  number    = {1},
  pages     = {53--56},
  month     = {sep},
  doi       = {10.1038/nphys105},
  publisher = {Springer Nature},
}

@Article{Tan2017,
  author        = {Xinsheng Tan and Yuxin Zhao and Qiang Liu and Guangming Xue and Haifeng Yu and Z. D. Wang and Yang Yu},
  title         = {Realizing and manipulating space-time inversion symmetric topological semimetal bands with superconducting quantum circuits},
  journal       = {npj Quantum Mat.},
  year          = {2017},
  volume        = {2},
  number        = {1},
  pages         = {60},
  month         = {nov},
  __markedentry = {[zun1:1]},
  doi           = {10.1038/s41535-017-0062-3},
  publisher     = {Springer Nature},
  url           = {https://www.nature.com/articles/s41535-017-0062-3},
}

@Article{Roushan2017,
  author    = {P. Roushan and C. Neill and J. Tangpanitanon and V. M. Bastidas and A. Megrant and R. Barends and Y. Chen and Z. Chen and B. Chiaro and A. Dunsworth and A. Fowler and B. Foxen and M. Giustina and E. Jeffrey and J. Kelly and E. Lucero and J. Mutus and M. Neeley and C. Quintana and D. Sank and A. Vainsencher and J. Wenner and T. White and H. Neven and D. G. Angelakis and J. Martinis},
  title     = {Spectroscopic signatures of localization with interacting photons in superconducting qubits},
  journal   = {Science},
  year      = {2017},
  volume    = {358},
  number    = {6367},
  pages     = {1175--1179},
  month     = {nov},
  doi       = {10.1126/science.aao1401},
  publisher = {American Association for the Advancement of Science ({AAAS})},
}

@Article{cold_Trenkwalder2016,
  author    = {A. Trenkwalder and G. Spagnolli and G. Semeghini and S. Coop and M. Landini and P. Castilho and L. Pezz{\`{e}} and G. Modugno and M. Inguscio and A. Smerzi and M. Fattori},
  title     = {Quantum phase transitions with parity-symmetry breaking and hysteresis},
  journal   = {Nat. Phys.},
  year      = {2016},
  volume    = {12},
  number    = {9},
  pages     = {826--829},
  month     = {may},
  doi       = {10.1038/nphys3743},
  publisher = {Springer Science and Business Media {LLC}},
}

@Article{Wang2019,
  author    = {Da-Wei Wang and Chao Song and Wei Feng and Han Cai and Da Xu and Hui Deng and Hekang Li and Dongning Zheng and Xiaobo Zhu and H. Wang and Shi-Yao Zhu and Marlan O. Scully},
  title     = {Synthesis of antisymmetric spin exchange interaction and chiral spin clusters in superconducting circuits},
  journal   = {Nat. Phys.},
  year      = {2019},
  volume    = {15},
  number    = {4},
  pages     = {382--386},
  month     = {jan},
  doi       = {10.1038/s41567-018-0400-9},
  publisher = {Springer Nature},
}

@Article{Roushan2016,
  author    = {P. Roushan and C. Neill and A. Megrant and Y. Chen and R. Babbush and R. Barends and B. Campbell and Z. Chen and B. Chiaro and A. Dunsworth and A. Fowler and E. Jeffrey and J. Kelly and E. Lucero and J. Mutus and P. J. J. O'Malley and M. Neeley and C. Quintana and D. Sank and A. Vainsencher and J. Wenner and T. White and E. Kapit and H. Neven and J. Martinis},
  title     = {Chiral ground-state currents of interacting photons in a synthetic magnetic field},
  journal   = {Nat. Phys.},
  year      = {2016},
  volume    = {13},
  number    = {2},
  pages     = {146--151},
  month     = {oct},
  doi       = {10.1038/nphys3930},
  publisher = {Springer Science and Business Media {LLC}},
}

@Article{Gerritsma2010,
  author        = {R. Gerritsma and G. Kirchmair and F. ZÃ¤hringer and E. Solano and R. Blatt and C. F. Roos},
  title         = {Quantum simulation of the Dirac equation},
  journal       = {Nature (London)},
  year          = {2010},
  volume        = {463},
  number        = {7277},
  pages         = {68--71},
  month         = {jan},
  __markedentry = {[zun1:1]},
  doi           = {10.1038/nature08688},
  publisher     = {Springer Science and Business Media {LLC}},
}

@Article{ion_Islam2011,
  author    = {R. Islam and E.E. Edwards and K. Kim and S. Korenblit and C. Noh and H. Carmichael and G.-D. Lin and L.-M. Duan and C.-C. Joseph Wang and J.K. Freericks and C. Monroe},
  title     = {Onset of a quantum phase transition with a trapped ion quantum simulator},
  journal   = {Nat. Commun.},
  year      = {2011},
  volume    = {2},
  number    = {1},
  pages     = {377},
  month     = {jul},
  doi       = {10.1038/ncomms1374},
  publisher = {Springer Science and Business Media {LLC}},
}

@Article{ion_Kim2010,
  author        = {K. Kim and M.-S. Chang and S. Korenblit and R. Islam and E. E. Edwards and J. K. Freericks and G.-D. Lin and L.-M. Duan and C. Monroe},
  title         = {Quantum simulation of frustrated Ising spins with trapped ions},
  journal       = {Nature (London)},
  year          = {2010},
  volume        = {465},
  number        = {7298},
  pages         = {590--593},
  month         = {jun},
  __markedentry = {[zun1:1]},
  doi           = {10.1038/nature09071},
  publisher     = {Springer Science and Business Media {LLC}},
}

@Article{Friedenauer2008,
  author    = {A. Friedenauer and H. Schmitz and J. T. Glueckert and D. Porras and T. Schaetz},
  title     = {Simulating a quantum magnet with trapped~ions},
  journal   = {Nat. Phys.},
  year      = {2008},
  volume    = {4},
  number    = {10},
  pages     = {757--761},
  month     = {jul},
  doi       = {10.1038/nphys1032},
  publisher = {Springer Science and Business Media {LLC}},
}

@Article{Read2000,
  author        = {N. Read and Dmitry Green},
  title         = {Paired states of fermions in two dimensions with breaking of parity and time-reversal symmetries and the fractional quantum Hall effect},
  journal       = {Phys. Rev. B},
  year          = {2000},
  volume        = {61},
  number        = {15},
  pages         = {10267--10297},
  month         = {apr},
  __markedentry = {[zun1:1]},
  doi           = {10.1103/physrevb.61.10267},
  publisher     = {American Physical Society ({APS})},
}

@Article{Pientka2015,
  author    = {Falko Pientka and Yang Peng and Leonid Glazman and Felix von Oppen},
  title     = {Topological superconducting phase and Majorana bound states in Shiba chains},
  journal   = {Phys. Scr.},
  year      = {2015},
  volume    = {T164},
  pages     = {014008},
  month     = {aug},
  doi       = {10.1088/0031-8949/2015/t164/014008},
  groups    = {new0805},
  publisher = {{IOP} Publishing},
}

@Article{Shi2015arxiv,
  author        = {Z. C. Shi and X. Q. Shao and X. X. Yi},
  title         = {Couplings between Majorana bound states mediated by topologically-trivial chains},
  journal       = {arxiv:1507.03657v2},
  year          = {2015},
  __markedentry = {[zun1:1]},
  groups        = {new0805},
  url           = {https://arxiv.org/abs/1507.03657v2},
}

@Book{ATI_book,
  title     = {Advanced Topological Insulators},
  publisher = {Martin Scrivener and Phillip Carmical},
  year      = {2019},
  author    = {Luo, Huixia},
  isbn      = {978-1-119-40729-4},
  date      = {2019-04-05},
  ean       = {9781119407294},
  groups    = {new0805},
  pagetotal = {420},
  url       = {https://www.ebook.de/de/product/29727898/huixia_luo_advanced_topological_insulators.html},
}

@Article{Wang_arxiv_2019,
  author        = {Ya Wang and Wentao Ji and Zihua Chai and Yuhang Guo and Mengqi Wang and Xiangyu Ye and Pei Yu and Long Zhang and Xi Qin and Pengfei Wang and Fazhan Shi and Xing Rong and Dawei Lu and Xiong-Jun Liu and Jiangfeng Du},
  title         = {Experimental observation of dynamical bulk-surface correspondence for topological phases},
  journal       = {arxiv:1904.09065v1},
  year          = {2019},
  __markedentry = {[zun1:1]},
  groups        = {quench},
  url           = {https://arxiv.org/abs/1904.09065v1},
}

@Article{Rahul_arxiv_2018,
  author        = {Rahul, S. and Ranjith Kumar, R. and Kartik, Y. R. and Banerjee, Amitava and Sarkar, Sujit},
  title         = {An Interplay of Symmetry, Topology and Quantized Geometric Phase for the Kitaev Chain in Presence of Interaction},
  journal       = {arxiv:1809.09821},
  year          = {2018},
  __markedentry = {[zun1:1]},
  url           = {https://arxiv.org/abs/1809.09821},
}

@Article{Roushan2014,
  author        = {P. Roushan and C. Neill and Yu Chen and M. Kolodrubetz and C. Quintana and N. Leung and M. Fang and R. Barends and B. Campbell and Z. Chen and B. Chiaro and A. Dunsworth and E. Jeffrey and J. Kelly and A. Megrant and J. Mutus and P. J. J. O'Malley and D. Sank and A. Vainsencher and J. Wenner and T. White and A. Polkovnikov and A. N. Cleland and J. M. Martinis},
  title         = {Observation of topological transitions in interacting quantum circuits},
  journal       = {Nature (London)},
  year          = {2014},
  volume        = {515},
  number        = {7526},
  pages         = {241--244},
  month         = {nov},
  __markedentry = {[zun1:1]},
  doi           = {10.1038/nature13891},
  publisher     = {Springer Science and Business Media {LLC}},
}

@Article{Zhang2008,
  author        = {Zhang, Jingfu and Peng, Xinhua and Rajendran, Nageswaran and Suter, Dieter},
  title         = {Detection of Quantum Critical Points by a Probe Qubit},
  journal       = {Phys. Rev. Lett.},
  year          = {2008},
  volume        = {100},
  pages         = {100501},
  month         = {Mar},
  __markedentry = {[zun1:1]},
  doi           = {10.1103/PhysRevLett.100.100501},
  issue         = {10},
  numpages      = {4},
  publisher     = {American Physical Society},
  url           = {https://link.aps.org/doi/10.1103/PhysRevLett.100.100501},
}

@Article{Chen2010,
  author        = {Chen, Xi and Lizuain, I. and Ruschhaupt, A. and Gu\'ery-Odelin, D. and Muga, J. G.},
  title         = {Shortcut to Adiabatic Passage in Two- and Three-Level Atoms},
  journal       = {Phys. Rev. Lett.},
  year          = {2010},
  volume        = {105},
  pages         = {123003},
  month         = {Sep},
  __markedentry = {[zun1:1]},
  doi           = {10.1103/PhysRevLett.105.123003},
  issue         = {12},
  numpages      = {4},
  publisher     = {American Physical Society},
  url           = {https://link.aps.org/doi/10.1103/PhysRevLett.105.123003},
}

@Article{Niu2012,
  author        = {Niu, Yuezhen and Chung, Suk Bum and Hsu, Chen-Hsuan and Mandal, Ipsita and Raghu, S. and Chakravarty, Sudip},
  title         = {Majorana zero modes in a quantum Ising chain with longer-ranged interactions},
  journal       = {Phys. Rev. B},
  year          = {2012},
  volume        = {85},
  pages         = {035110},
  month         = {Jan},
  __markedentry = {[zun1:1]},
  doi           = {10.1103/PhysRevB.85.035110},
  issue         = {3},
  numpages      = {10},
  publisher     = {American Physical Society},
  url           = {https://link.aps.org/doi/10.1103/PhysRevB.85.035110},
}

@Article{DeGottardi2013,
  author        = {DeGottardi, Wade and Thakurathi, Manisha and Vishveshwara, Smitha and Sen, Diptiman},
  title         = {Majorana fermions in superconducting wires: Effects of long-range hopping, broken time-reversal symmetry, and potential landscapes},
  journal       = {Phys. Rev. B},
  year          = {2013},
  volume        = {88},
  pages         = {165111},
  month         = {Oct},
  __markedentry = {[zun1:1]},
  doi           = {10.1103/PhysRevB.88.165111},
  issue         = {16},
  numpages      = {22},
  publisher     = {American Physical Society},
  url           = {https://link.aps.org/doi/10.1103/PhysRevB.88.165111},
}

@Article{Pientka2013,
  author        = {Pientka, Falko and Glazman, Leonid I. and von Oppen, Felix},
  title         = {Topological superconducting phase in helical Shiba chains},
  journal       = {Phys. Rev. B},
  year          = {2013},
  volume        = {88},
  pages         = {155420},
  month         = {Oct},
  __markedentry = {[zun1:1]},
  doi           = {10.1103/PhysRevB.88.155420},
  issue         = {15},
  numpages      = {13},
  publisher     = {American Physical Society},
  url           = {https://link.aps.org/doi/10.1103/PhysRevB.88.155420},
}

@Article{adia_Schroer_2014,
  author        = {Schroer, M. D. and Kolodrubetz, M. H. and Kindel, W. F. and Sandberg, M. and Gao, J. and Vissers, M. R. and Pappas, D. P. and Polkovnikov, Anatoli and Lehnert, K. W.},
  title         = {Measuring a Topological Transition in an Artificial Spin-$1/2$ System},
  journal       = {Phys. Rev. Lett.},
  year          = {2014},
  volume        = {113},
  pages         = {050402},
  month         = {Jul},
  __markedentry = {[zun1:1]},
  doi           = {10.1103/PhysRevLett.113.050402},
  issue         = {5},
  numpages      = {5},
  publisher     = {American Physical Society},
  url           = {https://link.aps.org/doi/10.1103/PhysRevLett.113.050402},
}

@Article{Vodola2014,
  author        = {Vodola, Davide and Lepori, Luca and Ercolessi, Elisa and Gorshkov, Alexey V. and Pupillo, Guido},
  title         = {Kitaev Chains with Long-Range Pairing},
  journal       = {Phys. Rev. Lett.},
  year          = {2014},
  volume        = {113},
  pages         = {156402},
  month         = {Oct},
  __markedentry = {[zun1:1]},
  doi           = {10.1103/PhysRevLett.113.156402},
  issue         = {15},
  numpages      = {5},
  publisher     = {American Physical Society},
  url           = {https://link.aps.org/doi/10.1103/PhysRevLett.113.156402},
}

@Article{Zhang2015,
  author        = {Zhang, G. and Song, Z.},
  title         = {Topological Characterization of Extended Quantum Ising Models},
  journal       = {Phys. Rev. Lett.},
  year          = {2015},
  volume        = {115},
  pages         = {177204},
  month         = {Oct},
  __markedentry = {[zun1:1]},
  doi           = {10.1103/PhysRevLett.115.177204},
  issue         = {17},
  numpages      = {5},
  publisher     = {American Physical Society},
  url           = {https://link.aps.org/doi/10.1103/PhysRevLett.115.177204},
}

@Article{Zazunov2017,
  author        = {Zazunov, A. and Buccheri, F. and Sodano, P. and Egger, R.},
  title         = {$6\ensuremath{\pi}$ Josephson Effect in Majorana Box Devices},
  journal       = {Phys. Rev. Lett.},
  year          = {2017},
  volume        = {118},
  pages         = {057001},
  month         = {Feb},
  __markedentry = {[zun1:1]},
  doi           = {10.1103/PhysRevLett.118.057001},
  issue         = {5},
  numpages      = {5},
  publisher     = {American Physical Society},
  url           = {https://link.aps.org/doi/10.1103/PhysRevLett.118.057001},
}

@Article{Patrick2017,
  author        = {Patrick, Kristian and Neupert, Titus and Pachos, Jiannis K.},
  title         = {Topological Quantum Liquids with Long-Range Couplings},
  journal       = {Phys. Rev. Lett.},
  year          = {2017},
  volume        = {118},
  pages         = {267002},
  month         = {Jun},
  __markedentry = {[zun1:1]},
  doi           = {10.1103/PhysRevLett.118.267002},
  issue         = {26},
  numpages      = {5},
  publisher     = {American Physical Society},
  url           = {https://link.aps.org/doi/10.1103/PhysRevLett.118.267002},
}

@Article{Xu2018,
  author        = {Xu, Kai and Chen, Jin-Jun and Zeng, Yu and Zhang, Yu-Ran and Song, Chao and Liu, Wuxin and Guo, Qiujiang and Zhang, Pengfei and Xu, Da and Deng, Hui and Huang, Keqiang and Wang, H. and Zhu, Xiaobo and Zheng, Dongning and Fan, Heng},
  title         = {Emulating Many-Body Localization with a Superconducting Quantum Processor},
  journal       = {Phys. Rev. Lett.},
  year          = {2018},
  volume        = {120},
  pages         = {050507},
  month         = {Feb},
  __markedentry = {[zun1:1]},
  doi           = {10.1103/PhysRevLett.120.050507},
  issue         = {5},
  numpages      = {6},
  publisher     = {American Physical Society},
  url           = {https://link.aps.org/doi/10.1103/PhysRevLett.120.050507},
}

@Article{nv_Ma2018,
  author        = {Ma, Wenchao and Zhou, Longwen and Zhang, Qi and Li, Min and Cheng, Chunyang and Geng, Jianpei and Rong, Xing and Shi, Fazhan and Gong, Jiangbin and Du, Jiangfeng},
  title         = {Experimental Observation of a Generalized Thouless Pump with a Single Spin},
  journal       = {Phys. Rev. Lett.},
  year          = {2018},
  volume        = {120},
  pages         = {120501},
  month         = {Mar},
  __markedentry = {[zun1:1]},
  doi           = {10.1103/PhysRevLett.120.120501},
  issue         = {12},
  numpages      = {7},
  publisher     = {American Physical Society},
  url           = {https://link.aps.org/doi/10.1103/PhysRevLett.120.120501},
}

@Article{Tan2019,
  author        = {Tan, Xinsheng and Zhao, Y. X. and Liu, Qiang and Xue, Guangming and Yu, Hai-Feng and Wang, Z. D. and Yu, Yang},
  title         = {Simulation and Manipulation of Tunable Weyl-Semimetal Bands Using Superconducting Quantum Circuits},
  journal       = {Phys. Rev. Lett.},
  year          = {2019},
  volume        = {122},
  pages         = {010501},
  month         = {Jan},
  __markedentry = {[zun1:1]},
  doi           = {10.1103/PhysRevLett.122.010501},
  issue         = {1},
  numpages      = {6},
  publisher     = {American Physical Society},
  url           = {https://link.aps.org/doi/10.1103/PhysRevLett.122.010501},
}

@Article{Tan_2018,
  author        = {Tan, Xinsheng and Zhang, Dan-Wei and Liu, Qiang and Xue, Guangming and Yu, Hai-Feng and Zhu, Yan-Qing and Yan, Hui and Zhu, Shi-Liang and Yu, Yang},
  title         = {Topological Maxwell Metal Bands in a Superconducting Qutrit},
  journal       = {Phys. Rev. Lett.},
  year          = {2018},
  volume        = {120},
  pages         = {130503},
  month         = {Mar},
  __markedentry = {[zun1:1]},
  doi           = {10.1103/PhysRevLett.120.130503},
  issue         = {13},
  numpages      = {6},
  publisher     = {American Physical Society},
  url           = {https://link.aps.org/doi/10.1103/PhysRevLett.120.130503},
}

@Article{Alecce2017,
  author        = {Alecce, Antonio and Dell'Anna, Luca},
  title         = {Extended Kitaev chain with longer-range hopping and pairing},
  journal       = {Phys. Rev. B},
  year          = {2017},
  volume        = {95},
  pages         = {195160},
  month         = {May},
  __markedentry = {[zun1:1]},
  doi           = {10.1103/PhysRevB.95.195160},
  issue         = {19},
  numpages      = {14},
  publisher     = {American Physical Society},
  url           = {https://link.aps.org/doi/10.1103/PhysRevB.95.195160},
}

@Article{Ghazaryan2015,
  author        = {Ghazaryan, Areg and Chakraborty, Tapash},
  title         = {Long-range Coulomb interaction and Majorana fermions},
  journal       = {Phys. Rev. B},
  year          = {2015},
  volume        = {92},
  pages         = {115138},
  month         = {Sep},
  __markedentry = {[zun1:1]},
  doi           = {10.1103/PhysRevB.92.115138},
  issue         = {11},
  numpages      = {6},
  publisher     = {American Physical Society},
  url           = {https://link.aps.org/doi/10.1103/PhysRevB.92.115138},
}

@Article{Viyuela_2016,
  author        = {Viyuela, O. and Vodola, D. and Pupillo, G. and Martin-Delgado, M. A.},
  title         = {Topological massive Dirac edge modes and long-range superconducting Hamiltonians},
  journal       = {Phys. Rev. B},
  year          = {2016},
  volume        = {94},
  pages         = {125121},
  month         = {Sep},
  __markedentry = {[zun1:1]},
  doi           = {10.1103/PhysRevB.94.125121},
  issue         = {12},
  numpages      = {5},
  publisher     = {American Physical Society},
  url           = {https://link.aps.org/doi/10.1103/PhysRevB.94.125121},
}

@Article{Ozawa2019,
  author        = {Ozawa, Tomoki and Price, Hannah M. and Amo, Alberto and Goldman, Nathan and Hafezi, Mohammad and Lu, Ling and Rechtsman, Mikael C. and Schuster, David and Simon, Jonathan and Zilberberg, Oded and Carusotto, Iacopo},
  title         = {Topological photonics},
  journal       = {Rev. Mod. Phys.},
  year          = {2019},
  volume        = {91},
  pages         = {015006},
  month         = {Mar},
  __markedentry = {[zun1:1]},
  doi           = {10.1103/RevModPhys.91.015006},
  issue         = {1},
  numpages      = {76},
  publisher     = {American Physical Society},
  url           = {https://link.aps.org/doi/10.1103/RevModPhys.91.015006},
}

@Article{Vodola2015,
  author        = {Davide Vodola and Luca Lepori and Elisa Ercolessi and Guido Pupillo},
  title         = {Long-range Ising and Kitaev models: phases, correlations and edge modes},
  journal       = {New J. Phys.},
  year          = {2015},
  volume        = {18},
  number        = {1},
  pages         = {015001},
  month         = {dec},
  __markedentry = {[zun1:1]},
  abstract      = {},
  doi           = {10.1088/1367-2630/18/1/015001},
  publisher     = {{IOP} Publishing},
  url           = {https://doi.org/10.1088%2F1367-2630%2F18%2F1%2F015001},
}

@Article{Lepori2017,
  author        = {L Lepori and L Dell'Anna},
  title         = {Long-range topological insulators and weakened bulk-boundary correspondence},
  journal       = {New J. Phys.},
  year          = {2017},
  volume        = {19},
  number        = {10},
  pages         = {103030},
  month         = {oct},
  __markedentry = {[zun1:1]},
  abstract      = {},
  doi           = {10.1088/1367-2630/aa84d0},
  publisher     = {{IOP} Publishing},
  url           = {https://doi.org/10.1088%2F1367-2630%2Faa84d0},
}

@Article{Yang_arxiv2019,
  author        = {Yang, Kai and Zhou, Longwen and Ma, Wenchao and Kong, Xi and Wang, Pengfei and Qin, Xi and Rong, Xing and Wang, Ya and Shi, Fazhan and Gong, Jiangbin and Du, Jiangfeng},
  title         = {Floquet dynamical quantum phase transitions},
  journal       = {Phys. Rev. B},
  year          = {2019},
  volume        = {100},
  pages         = {085308},
  month         = {Aug},
  __markedentry = {[zun1:1]},
  doi           = {10.1103/PhysRevB.100.085308},
  issue         = {8},
  numpages      = {11},
  publisher     = {American Physical Society},
  url           = {https://link.aps.org/doi/10.1103/PhysRevB.100.085308},
}

@Article{Alicea2012,
  author    = {Jason Alicea},
  title     = {New directions in the pursuit of Majorana fermions in solid state systems},
  journal   = {Rep. Prog. Phys.},
  year      = {2012},
  volume    = {75},
  number    = {7},
  pages     = {076501},
  month     = {jun},
  abstract  = {},
  doi       = {10.1088/0034-4885/75/7/076501},
  publisher = {{IOP} Publishing},
  url       = {https://doi.org/10.1088%2F0034-4885%2F75%2F7%2F076501},
}

@Article{Schneider2012,
  author    = {Ch Schneider and Diego Porras and Tobias Schaetz},
  title     = {Experimental quantum simulations of many-body physics with trapped ions},
  journal   = {Rep. Prog. Phys.},
  year      = {2012},
  volume    = {75},
  number    = {2},
  pages     = {024401},
  month     = {jan},
  doi       = {10.1088/0034-4885/75/2/024401},
  publisher = {{IOP} Publishing},
}

@Article{Britton2012,
  author    = {Joseph W. Britton and Brian C. Sawyer and Adam C. Keith and C.-C. Joseph Wang and James K. Freericks and Hermann Uys and Michael J. Biercuk and John J. Bollinger},
  title     = {Engineered two-dimensional Ising interactions in a trapped-ion quantum simulator with hundreds of spins},
  journal   = {Nature (London)},
  year      = {2012},
  volume    = {484},
  number    = {7395},
  pages     = {489--492},
  month     = {apr},
  doi       = {10.1038/nature10981},
  publisher = {Springer Science and Business Media {LLC}},
}

@Article{Jurcevic2014,
  author    = {P. Jurcevic and B. P. Lanyon and P. Hauke and C. Hempel and P. Zoller and R. Blatt and C. F. Roos},
  title     = {Quasiparticle engineering and entanglement propagation in a quantum many-body system},
  journal   = {Nature (London)},
  year      = {2014},
  volume    = {511},
  number    = {7508},
  pages     = {202--205},
  month     = {jul},
  doi       = {10.1038/nature13461},
  publisher = {Springer Science and Business Media {LLC}},
}

@Article{Bermudez2013,
  author    = {Bermudez, A. and Schaetz, T. and Plenio, M. B.},
  title     = {Dissipation-Assisted Quantum Information Processing with Trapped Ions},
  journal   = {Phys. Rev. Lett.},
  year      = {2013},
  volume    = {110},
  pages     = {110502},
  month     = {Mar},
  doi       = {10.1103/PhysRevLett.110.110502},
  issue     = {11},
  numpages  = {5},
  publisher = {American Physical Society},
  url       = {https://link.aps.org/doi/10.1103/PhysRevLett.110.110502},
}

@Article{Dutta2017,
  author        = {Dutta, Anirban and Dutta, Amit},
  title         = {Probing the role of long-range interactions in the dynamics of a long-range Kitaev chain},
  journal       = {Phys. Rev. B},
  year          = {2017},
  volume        = {96},
  pages         = {125113},
  month         = {},
  doi           = {10.1103/PhysRevB.96.125113},
  issue         = {},
  numpages      = {},
  publisher     = {American Physical Society},
  url           = {https://journals.aps.org/prb/abstract/10.1103/PhysRevB.96.125113},
}

@Article{Benito2014,
  author        = {Benito, M. and G\'omez-L\'eon, A. and Bastidas, V. M. and Brandes, T. and Platero G.},
  title         = {Floquet engineering of long-range p-wave superconductivity},
  journal       = {Phys. Rev. B},
  year          = {2014},
  volume        = {90},
  pages         = {205127},
  month         = {},
  doi           = {10.1103/PhysRevB.90.205127},
  issue         = {},
  numpages      = {},
  publisher     = {American Physical Society},
  url           = {https://journals.aps.org/prb/abstract/10.1103/PhysRevB.90.205127},
}

@Article{Li2017,
  author        = {Li, Zeng-Zhao and Lam, Chi-Hang and You, J. Q.},
  title         = {Floquet engineering of long-range p-wave superconductivity: Beyond the high-frequency limit},
  journal       = {Phys. Rev. B},
  year          = {2017},
  volume        = {96},
  pages         = {155438},
  month         = {},
  doi           = {10.1103/PhysRevB.96.155438},
  issue         = {},
  numpages      = {},
  publisher     = {American Physical Society},
  url           = {https://journals.aps.org/prb/abstract/10.1103/PhysRevB.96.155438},
}

@Article{Guo2019,
  author        = {Guo, Xue-Yi and Yang, Chao and Zeng, Yu and Peng, Yi and Li, He-Kang and Deng, Hui and Jin, Yi-Rong and Chen, Shu and Zheng, Dongning and Fan, Heng},
  title         = {Observation of a Dynamical Quantum Phase Transition by a Superconducting Qubit Simulation},
  journal       = {Phys. Rev. Applied},
  year          = {2019},
  volume        = {11},
  pages         = {044080},
  month         = {},
  doi           = {10.1103/PhysRevApplied.11.044080},
  issue         = {},
  numpages      = {},
  publisher     = {American Physical Society},
  url           = {https://journals.aps.org/prapplied/abstract/10.1103/PhysRevApplied.11.044080},
}

@Article{Dutta2018,
  author        = {Bhattacharya, Utso and Dutta, Amit},
  title         = {Topological footprints of the Kitaev chain with long-range superconducting pairings at a finite temperature},
  journal       = {Phys. Rev. B},
  year          = {2018},
  volume        = {97},
  pages         = {214505},
  month         = {},
  doi           = {10.1103/PhysRevB.97.214505},
  issue         = {},
  numpages      = {},
  publisher     = {American Physical Society},
  url           = {https://journals.aps.org/prb/abstract/10.1103/PhysRevB.97.214505},
}

@Article{Miao2017,
  author        = {Miao, Jian-Jian and Jin, Hui-Ke and Zhang, Fu-Chun and Zhou, Yi},
  title         = {Exact Solution for the Interacting Kitaev Chain at the Symmetric Point},
  journal       = {Phys. Rev. Lett.},
  year          = {2017},
  volume        = {118},
  pages         = {267701},
  month         = {},
  doi           = {10.1103/PhysRevLett.118.267701},
  issue         = {},
  numpages      = {},
  publisher     = {American Physical Society},
  url           = {https://journals.aps.org/prl/abstract/10.1103/PhysRevLett.118.267701},
}

@Article{Andersson2016,
  author = {Andersson, Ole and Bengtsson, Ingemar and Ericsson, Marie and Sj$\ddot{\mathrm{o}}$qvist, Erik},
  title = {Geometric phases for mixed states of the Kitaev chain},
  journal = {Phil. Trans. R. Soc. A},
  year = {2016},
  volume = {374},
  pages = {20150231},
  month = {},
  doi = {},
  issue = {},
  numpages = {},
  publisher = {The Royal Society Publishing},
  url = {http://dx.doi.org/10.1098/rsta.2015.0231},
}

@InCollection{Torrontegui2013,
  author    = {Erik Torrontegui and Sara Ib{\'{a}}{\~{n}}ez and Sofia Mart{\'{\i}}nez-Garaot and Michele Modugno and Adolfo del Campo and David Gu{\'{e}}ry-Odelin and Andreas Ruschhaupt and Xi Chen and Juan Gonzalo Muga},
  title     = {Shortcuts to Adiabaticity},
  booktitle = {Advances In Atomic, Molecular, and Optical Physics},
  publisher = {Elsevier},
  year      = {2013},
  volume    = {62},
  pages     = {117--169},
  doi       = {10.1016/b978-0-12-408090-4.00002-5},
}

@Article{Rahul2019,
  author    = {Rahul S and Ranjith Kumar R and Y R Kartik and Amitava Banerjee and Sujit Sarkar},
  title     = {An interplay of topology and quantized geometric phase for two different symmetry-class Hamiltonians},
  journal   = {Phys. Scr.},
  year      = {2019},
  volume    = {94},
  number    = {11},
  pages     = {115803},
  month     = {aug},
  doi       = {10.1088/1402-4896/ab1d7b},
  publisher = {{IOP} Publishing},
}

@Article{Shi2017,
  author    = {Z.C. Shi and X.Q. Shao and Y. Xia and X.X. Yi},
  title     = {Engineering the coupling between Majorana bound states},
  journal   = {Phys. Lett. A},
  year      = {2017},
  volume    = {381},
  number    = {36},
  pages     = {3043--3048},
  month     = {sep},
  doi       = {10.1016/j.physleta.2017.07.038},
  publisher = {Elsevier {BV}},
}

@Comment{jabref-meta: databaseType:bibtex;}

@Comment{jabref-meta: grouping:
0 AllEntriesGroup:;
1 StaticGroup:new0805\;0\;1\;\;\;\;;
1 StaticGroup:quench\;0\;1\;\;\;\;;
}
